% Encoding: UTF-8

@Book{2013-CengelYA+BolesMA-AMGH,
  title     = {Termodinâmica},
  publisher = {AMGH},
  year      = {2013},
  author    = {{Ç}engel, Y. A. and Boles, M. A.},
  editor    = {Nepomuceno, V. R.},
  address   = {Porto Alegre},
  edition   = {7th},
  isbn      = {978-85-8055-200-3},
}

@Comment{jabref-meta: databaseType:bibtex;}

% Encoding: UTF-8

@Book{2002-MoranMJ+ShapiroHN-LTC,
  title     = {Princípios de termodinâmica para engenharia},
  publisher = {Livros Técnicos e Científicos Editora},
  year      = {2002},
  author    = {Moran, Michael J. and Shapiro, Howard N.},
  address   = {Rio de Janeiro, RJ},
  edition   = {Fourth},
  isbn      = {978-85-216-1340-4},
}

@Comment{jabref-meta: databaseType:bibtex;}

% Encoding: UTF-8

@Book{1985-WylenG-Wiley,
  title     = {Fundamentals of classical thermodynamics},
  publisher = {Wiley},
  year      = {1985},
  author    = {Wylen, Gordon},
  address   = {New York},
  edition   = {Fourth},
  isbn      = {978-04-718-0014-9},
}

@Comment{jabref-meta: databaseType:bibtex;}

