@misc{2020-NaaktgeborenC-engrXiv,
    title={On Exact and Local Polytropic Processes: Etymology, Modeling, and Requisites},
    url={engrxiv.org/ca6d4},
    publisher={engrXiv},
    author={Naaktgeboren, C}
}
