@misc{2020-NaaktgeborenC-engrXiv,
 title={On Exact and Local Polytropic Processes: Etymology, Modeling, and Requisites},
 url={engrxiv.org/ca6d4},
 DOI={10.31224/osf.io/ca6d4},
 publisher={engrXiv},
 author={Naaktgeboren, C.},
 year={2020},
 month={May}
}
